@article{PhysRevLett.36.372,
  title = {Phase Stability in Transition-Metal Laves Phases},
  author = {Johannes, R. L. and Haydock, R. and Heine, Volker},
  journal = {Phys. Rev. Lett.},
  volume = {36},
  issue = {7},
  pages = {372--376},
  numpages = {0},
  year = {1976},
  month = {Feb},
  publisher = {American Physical Society},
  doi = {10.1103/PhysRevLett.36.372},
  url = {https://link.aps.org/doi/10.1103/PhysRevLett.36.372}
}

