@article{morel62,
  title = {Calculation of the Superconducting State Parameters with 
           Retarded Electron-Phonon Interaction},
  author = {Morel, P. and Anderson, P. W.},
  journal = {Phys. Rev.},
  volume = {125},
  issue = {4},
  pages = {1263--1271},
  numpages = {0},
  year = {1962},
  month = {Feb},
  publisher = {American Physical Society},
  doi = {10.1103/PhysRev.125.1263},
  url = {http://link.aps.org/doi/10.1103/PhysRev.125.1263}
}

@article{quong93,
  title = {First-principles evaluation of dynamical response and plasmon dispersion in metals},
  author = {Quong, Andrew A. and Eguiluz, Adolfo G.},
  journal = {Phys. Rev. Lett.},
  volume = {70},
  issue = {25},
  pages = {3955--3958},
  numpages = {0},
  year = {1993},
  month = {Jun},
  publisher = {American Physical Society},
  doi = {10.1103/PhysRevLett.70.3955},
  url = {http://link.aps.org/doi/10.1103/PhysRevLett.70.3955}
}

@article{cohen95,
  title = {First-principles calculations of the Coulomb pseudopotential: Application to Al},
  author = {Lee, Keun-Ho and Chang, K. J. and Cohen, Marvin L.},
  journal = {Phys. Rev. B},
  volume = {52},
  issue = {3},
  pages = {1425--1428},
  numpages = {0},
  year = {1995},
  month = {Jul},
  publisher = {American Physical Society},
  doi = {10.1103/PhysRevB.52.1425},
}

@article{farid91,
  title = {Plasmon dispersion in silicon obtained by analytic continuation of the random-phase-approximation dielectric matrix},
  author = {Daling, R. and van Haeringen, W. and Farid, B.},
  journal = {Phys. Rev. B},
  volume = {44},
  issue = {7},
  pages = {2952--2960},
  numpages = {0},
  year = {1991},
  month = {Aug},
  publisher = {American Physical Society},
  doi = {10.1103/PhysRevB.44.2952},
  url = {http://link.aps.org/doi/10.1103/PhysRevB.44.2952}
}

@article{blochl94,
  title = {Improved tetrahedron method for Brillouin-zone integrations},
  author = {Bl\"ochl, Peter E. and Jepsen, O. and Andersen, O. K.},
  journal = {Phys. Rev. B},
  volume = {49},
  issue = {23},
  pages = {16223--16233},
  numpages = {0},
  year = {1994},
  month = {Jun},
  publisher = {American Physical Society},
  doi = {10.1103/PhysRevB.49.16223},
  url = {http://link.aps.org/doi/10.1103/PhysRevB.49.16223}
}

@Article{lehmann72,
  Title                    = {On the Numerical Calculation of the Density of States and Related Properties},
  Author                   = {Lehmann, G. and Taut, M.},
  Journal                  = {physica status solidi (b)},
  Year                     = {1972},
  Number                   = {2},
  Pages                    = {469--477},
  Volume                   = {54},
  Doi                      = {10.1002/pssb.2220540211},
  ISSN                     = {1521-3951},
  Publisher                = {WILEY-VCH Verlag},
  Url                      = {http://dx.doi.org/10.1002/pssb.2220540211}
}

@ARTICLE{baroni01,
  author = {Baroni, Stefano and de Gironcoli, Stefano and Dal Corso, Andrea and
  Giannozzi, Paolo},
  title = {Phonons and related crystal properties from density-functional perturbation
  theory},
  journal = {Rev. Mod. Phys.},
  year = {2001},
  volume = {73},
  pages = {515--562},
  number = {2},
  month = {Jul},
  doi = {10.1103/RevModPhys.73.515},
  numpages = {47},
  publisher = {American Physical Society}
}

@article{degironcoli95,
  title = {Lattice dynamics of metals from density-functional perturbation theory},
  author = {de Gironcoli, Stefano},
  journal = {Phys. Rev. B},
  volume = {51},
  issue = {10},
  pages = {6773--6776},
  numpages = {0},
  year = {1995},
  month = {Mar},
  publisher = {American Physical Society},
  doi = {10.1103/PhysRevB.51.6773},
  url = {http://link.aps.org/doi/10.1103/PhysRevB.51.6773}
}

@article{fu83,
  title = {First-principles calculation of the equilibrium ground-state properties of transition metals: Applications to Nb and Mo},
  author = {Fu, C. -L. and Ho, K. -M.},
  journal = {Phys. Rev. B},
  volume = {28},
  issue = {10},
  pages = {5480--5486},
  numpages = {0},
  year = {1983},
  month = {Nov},
  publisher = {American Physical Society},
  doi = {10.1103/PhysRevB.28.5480},
  url = {http://link.aps.org/doi/10.1103/PhysRevB.28.5480}
}

@article{methfessel89,
  title = {High-precision sampling for Brillouin-zone integration in metals},
  author = {Methfessel, M. and Paxton, A. T.},
  journal = {Phys. Rev. B},
  volume = {40},
  issue = {6},
  pages = {3616--3621},
  numpages = {0},
  year = {1989},
  month = {Aug},
  publisher = {American Physical Society},
  doi = {10.1103/PhysRevB.40.3616},
  url = {http://link.aps.org/doi/10.1103/PhysRevB.40.3616}
}

@article{savrasov92,
  title = {Linear response calculations of lattice dynamics using muffin-tin basis sets},
  author = {Savrasov, S. Yu.},
  journal = {Phys. Rev. Lett.},
  volume = {69},
  issue = {19},
  pages = {2819--2822},
  numpages = {0},
  year = {1992},
  month = {Nov},
  publisher = {American Physical Society},
  doi = {10.1103/PhysRevLett.69.2819},
  url = {http://link.aps.org/doi/10.1103/PhysRevLett.69.2819}
}

@article{blase04,
  title = {Role of the Dopant in the Superconductivity of Diamond},
  author = {Blase, X. and Adessi, Ch. and Conn\'etable, D.},
  journal = {Phys. Rev. Lett.},
  volume = {93},
  issue = {23},
  pages = {237004},
  numpages = {4},
  year = {2004},
  month = {Nov},
  publisher = {American Physical Society},
  doi = {10.1103/PhysRevLett.93.237004},
  url = {http://link.aps.org/doi/10.1103/PhysRevLett.93.237004}
}


@article{PhysRevLett.82.3296,
  title = {Thermal Contraction and Disordering of the Al(110) Surface},
  author = {Marzari, Nicola and Vanderbilt, David and De Vita, Alessandro and Payne, M. C.},
  journal = {Phys. Rev. Lett.},
  volume = {82},
  issue = {16},
  pages = {3296--3299},
  numpages = {0},
  year = {1999},
  month = {Apr},
  publisher = {American Physical Society},
  doi = {10.1103/PhysRevLett.82.3296},
  url = {http://link.aps.org/doi/10.1103/PhysRevLett.82.3296}
}




